<?xml version="1.0" encoding="UTF-8"?><collection xmlns="http://www.loc.gov/MARC21/slim"><record><leader>00365nam--2200109-i-4500</leader><controlfield tag="001">000006298</controlfield><controlfield tag="002">20161230</controlfield><controlfield tag="005">20161230201026</controlfield><controlfield tag="008">060222s1000------------r-----000-0-eng-d</controlfield><datafield ind1=" " ind2=" " tag="245"><subfield code="a">Catalog  de preturi unitare pe articole de dev iz pentru lucrari de reparatii la instalatii e lectrice la constructii. rpe-1963</subfield></datafield><datafield ind1=" " ind2=" " tag="260"><subfield code="a">Bucuresti, Ed.Tehnica, 1963. 117 P</subfield></datafield><datafield ind1=" " ind2=" " tag="852"><subfield code="a">8794</subfield></datafield></record></collection>